<record><leader>00000cas a22000007i 4500</leader><controlfield tag="001">951629262</controlfield><controlfield tag="006">m     o  d        </controlfield><controlfield tag="007">cr bn|---uuuuu</controlfield><controlfield tag="008">160613d1968197utxumr neo     0   a0eng c</controlfield><datafield ind1=" " ind2=" " tag="010"><subfield code="a">  2017201919</subfield></datafield><datafield ind1=" " ind2=" " tag="040"><subfield code="a">MAC</subfield><subfield code="b">eng</subfield><subfield code="e">rda</subfield><subfield code="c">MAC</subfield><subfield code="d">DLC</subfield></datafield><datafield ind1=" " ind2=" " tag="012"><subfield code="l">1</subfield></datafield><datafield ind1="0" ind2=" " tag="022"><subfield code="a">2573-8038</subfield><subfield code="2">1</subfield></datafield><datafield ind1=" " ind2=" " tag="042"><subfield code="a">pcc</subfield><subfield code="a">nsdp</subfield></datafield><datafield ind1="1" ind2="0" tag="050"><subfield code="a">ISSN RECORD</subfield></datafield><datafield ind1=" " ind2="4" tag="050"><subfield code="a">DS559.62.U6</subfield><subfield code="b">F39</subfield></datafield><datafield ind1="1" ind2="0" tag="082"><subfield code="a">422.4</subfield><subfield code="2">23</subfield></datafield><datafield ind1=" " ind2="0" tag="222"><subfield code="a">Fatigue press</subfield><subfield code="b">(Online)</subfield></datafield><datafield ind1="0" ind2="0" tag="245"><subfield code="a">Fatigue press.</subfield></datafield><datafield ind1=" " ind2="1" tag="264"><subfield code="a">Austin, Tex.</subfield><subfield code="b">[Fort Hood GI's]</subfield></datafield><datafield ind1=" " ind2=" " tag="300"><subfield code="a">online resource</subfield></datafield><datafield ind1=" " ind2=" " tag="310"><subfield code="a">Monthly</subfield></datafield><datafield ind1=" " ind2=" " tag="336"><subfield code="a">text</subfield><subfield code="b">txt</subfield><subfield code="2">rdacontent</subfield></datafield><datafield ind1=" " ind2=" " tag="337"><subfield code="a">computer</subfield><subfield code="b">c</subfield><subfield code="2">rdamedia</subfield></datafield><datafield ind1=" " ind2=" " tag="338"><subfield code="a">online resource</subfield><subfield code="b">cr</subfield><subfield code="2">rdacarrier</subfield></datafield><datafield ind1="1" ind2=" " tag="362"><subfield code="a">Began in 1968.</subfield></datafield><datafield ind1="1" ind2=" " tag="362"><subfield code="a">Ceased in 1970s?</subfield></datafield><datafield ind1=" " ind2=" " tag="500"><subfield code="a">Published at: Killeen, Tex., June 1969-</subfield></datafield><datafield ind1=" " ind2=" " tag="515"><subfield code="a">Some months skipped; some issues not dated.</subfield></datafield><datafield ind1=" " ind2=" " tag="515"><subfield code="a">Not numbered or dated: Issue no. 34 (Oct. 1971).</subfield></datafield><datafield ind1=" " ind2=" " tag="530"><subfield code="a">Issued on microfilm by the State Historical Society of Wisconsin.</subfield></datafield><datafield ind1=" " ind2=" " tag="588"><subfield code="a">Description based on: Issue no. 2 [1968]; title from PDF caption (revealdigital.com, viewed July 12, 2017).</subfield></datafield><datafield ind1=" " ind2=" " tag="588"><subfield code="a">Latest issue consulted: Issue 41 (July 1972) (revealdigital.com, viewed July 12, 2017).</subfield></datafield><datafield ind1="0" ind2="8" tag="776"><subfield code="i">Print version:</subfield><subfield code="t">Fatigue press</subfield><subfield code="x">0046-3361</subfield><subfield code="w">(DLC)sn 93024083</subfield><subfield code="w">(OCoLC)11179326</subfield></datafield><datafield ind1="4" ind2="0" tag="856"><subfield code="u">http://voices.revealdigital.com/cgi-bin/independentvoices?a=cl&amp;cl=CL1&amp;sp=BBBHJDCG&amp;ai=1</subfield></datafield></record>